@ARTICLE{Zhu2013TMC,
    author={Zhu, Yanmin and Li, Zhi and Zhu, Hongzi and Li, Minglu and Zhang, Qian},
    journal={IEEE Transactions on Mobile Computing},
    title={A Compressive Sensing Approach to Urban Traffic Estimation with Probe Vehicles},
    year={2013},
    volume={12},
    number={11},
    pages={2289-2302},
}

@ARTICLE{Lu2017Speed,
author={Lu Lin and Jianxin Li and Feng Chen and Jieping Ye and Jin-Peng Huai},
journal={IEEE Transactions on Knowledge and Data Engineering},
title={Road Traffic Speed Prediction: A Probabilistic Model Fusing Multi-Source Data},
year={2017},
volume={PP},
number={99},
pages={1-1},
}

@inproceedings{Shang2014KDD,
 author = {Shang, Jingbo and Zheng, Yu and Tong, Wenzhu and Chang, Eric and Yu, Yong},
 title = {Inferring Gas Consumption and Pollution Emission of Vehicles Throughout a City},
 booktitle = {Proceedings of the 20th ACM SIGKDD International Conference on Knowledge Discovery and Data Mining},
 year = {2014},
}

@inproceedings{Wang2014KDD,
 author = {Wang, Yilun and Zheng, Yu and Xue, Yexiang},
 title = {Travel Time Estimation of a Path Using Sparse Trajectories},
 booktitle = {Proceedings of the 20th ACM SIGKDD International Conference on Knowledge Discovery and Data Mining},
 year = {2014},
}

@ARTICLE{Nguyen2017TBD,
    author={Nguyen, Hoang and Liu, Wei and Chen, Fang},
    journal={IEEE Transactions on Big Data},
    title={Discovering Congestion Propagation Patterns in Spatio-Temporal Traffic Data},
    year={2017},
    volume={3},
    number={2},
    pages={169-180},
}

@article{Zheng2014TIST,
 author = {Zheng, Yu and Capra, Licia and Wolfson, Ouri and Yang, Hai},
 title = {Urban Computing: Concepts, Methodologies, and Applications},
 journal = {ACM Trans. Intell. Syst. Technol.},
 volume = {5},
 number = {3},
 year = {2014},
 pages = {38:1--38:55},
}

@article{Zheng2015TDM,
 author = {Zheng, Yu},
 title = {Trajectory Data Mining: An Overview},
 journal = {ACM Trans. Intell. Syst. Technol.},
 volume = {6},
 number = {3},
 year = {2015},
 pages = {29:1--29:41},}

@inproceedings{WuMSZZCWKDD16,
 author = {Wu, Hao and Mao, Jiangyun and Sun, Weiwei and Zheng, Baihua and Zhang, Hanyuan and Chen, Ziyang and Wang, Wei},
 title = {Probabilistic Robust Route Recovery with Spatio-Temporal Dynamics},
 booktitle = {Proceedings of the 22nd ACM SIGKDD International Conference on Knowledge Discovery and Data Mining},
 year = {2016},
}

@inproceedings{Newson2009MM,
 author = {Newson, Paul and Krumm, John},
 title = {Hidden Markov Map Matching Through Noise and Sparseness},
 booktitle = {Proceedings of the 17th ACM SIGSPATIAL International Conference on Advances in Geographic Information Systems},
 year = {2009},
}

@INPROCEEDINGS{TS2012ICDM,
author={Bei Pan and Ugur Demiryurek and Cyrus Shahabi},
booktitle={2012 IEEE 12th International Conference on Data Mining},
title={Utilizing Real-World Transportation Data for Accurate Traffic Prediction},
year={2012},
}

@article{traffic2011TRP,
title = "Real-time road traffic prediction with spatio-temporal correlations",
journal = "Transportation Research Part C: Emerging Technologies",
volume = "19",
number = "4",
pages = "606 - 616",
year = "2011",
author = "Wanli Min and Laura Wynter",
}

@inproceedings{LSM2016KDD,
 author = {Deng, Dingxiong and Shahabi, Cyrus and Demiryurek, Ugur and Zhu, Linhong and Yu, Rose and Liu, Yan},
 title = {Latent Space Model for Road Networks to Predict Time-Varying Traffic},
 booktitle = {Proceedings of the 22Nd ACM SIGKDD International Conference on Knowledge Discovery and Data Mining},
 year = {2016},
}

@INPROCEEDINGS{MTL2017ICDM,
author={Dingxiong Deng and Cyrus Shahabi and Ugur Demiryurek and Linhong Zhu},
booktitle={2017 IEEE International Conference on Data Mining (ICDM)},
title={Situation Aware Multi-task Learning for Traffic Prediction},
year={2017},
}

@INPROCEEDINGS{DL2016ICDM,
author={Jingyuan Wang and Qian Gu and Junjie Wu and Guannan Liu and Zhang Xiong},
booktitle={2016 IEEE 16th International Conference on Data Mining (ICDM)},
title={Traffic Speed Prediction and Congestion Source Exploration: A Deep Learning Method},
year={2016},
}

@INPROCEEDINGS{DL2017SDM,
author = {Rose Yu and Yaguang Li and Cyrus Shahabi and Ugur Demiryurek and Yan Liu},
title = {Deep Learning: A Generic Approach for Extreme Condition Traffic Forecasting},
booktitle = {Proceedings of the 2017 SIAM International Conference on Data Mining},
year = {2017},
}

@article{DL2017CoRR,
  author    = {Yaguang Li and
               Rose Yu and
               Cyrus Shahabi and
               Yan Liu},
  title     = {Graph Convolutional Recurrent Neural Network: Data-Driven Traffic
               Forecasting},
  journal   = {CoRR},
  volume    = {abs/1707.01926},
  year      = {2017},
}
